<?xml version="1.0" encoding="UTF-8"?>
<record xmlns="http://www.loc.gov/MARC21/slim">
   <leader>02308cam a2200409 a 4500</leader>
   <controlfield tag="001">836399</controlfield>
   <controlfield tag="003">NjP</controlfield>
   <controlfield tag="005">20190705142201.0</controlfield>
   <controlfield tag="008">930921s1883    ua            000 0 ara d</controlfield>
   <datafield tag="024" ind1="7" ind2=" ">
      <subfield code="a">princeton_aco004576</subfield>
      <subfield code="2">local</subfield>
   </datafield>
   <datafield ind1=" " ind2=" " tag="035">
      <subfield code="a">(CStRLIN)NJPG93-B51392</subfield>
   </datafield>
   <datafield ind1=" " ind2=" " tag="035">
      <subfield code="9">AEE4334TS</subfield>
   </datafield>
   <datafield ind1=" " ind2=" " tag="035">
      <subfield code="a">(NjP)836399</subfield>
   </datafield>
   <datafield ind1=" " ind2=" " tag="040">
      <subfield code="a">MiU</subfield>
      <subfield code="c">PUL</subfield>
      <subfield code="d">PUL</subfield>
   </datafield>
   <datafield ind1=" " ind2=" " tag="049">
      <subfield code="a">PULL</subfield>
   </datafield>
   <datafield ind1=" " ind2=" " tag="035">
      <subfield code="a">(OCoLC)ocm28930965</subfield>
   </datafield>
   <datafield ind1="1" ind2=" " tag="100">
      <subfield code="6">880-01</subfield>
      <subfield code="a">Ibn ʻĀbidīn, Muḥammad Amīn ibn ʻUmar,</subfield>
      <subfield code="d">1783 or 1784-1836.</subfield>
      <subfield code="0">http://id.loc.gov/authorities/names/n84077368</subfield>
   </datafield>
   <datafield ind1="1" ind2="0" tag="240">
      <subfield code="6">880-02</subfield>
      <subfield code="a">ʻUqūd al-durrīyah fī tanqīḥ al-fatāwī al-Ḥāmidīyah</subfield>
   </datafield>
   <datafield ind1="1" ind2="3" tag="245">
      <subfield code="6">880-03</subfield>
      <subfield code="a">al-Juzʼ al-awwal[-al-thānī] min al-ʻUqūd al-durrīyah fī tanqīḥ al-fatāwá al-Ḥāmidīyah /</subfield>
      <subfield code="c">ta'līf Muḥammad Amīn al-shahīr bi-Ibn ʻĀbidīn.</subfield>
   </datafield>
   <datafield ind1=" " ind2=" " tag="250">
      <subfield code="6">880-04</subfield>
      <subfield code="a">al-Ṭabʻah 2.</subfield>
   </datafield>
   <datafield ind1=" " ind2=" " tag="260">
      <subfield code="6">880-05</subfield>
      <subfield code="a">Būlāq, Miṣr :</subfield>
      <subfield code="b">al-Maṭbaʻah alʻĀmirah al-Mīrīyah,</subfield>
      <subfield code="c">1300 [i.e. 1882 or 1883]</subfield>
   </datafield>
   <datafield ind1=" " ind2=" " tag="300">
      <subfield code="a">2 v. in 1 ;</subfield>
      <subfield code="c">28 cm.</subfield>
   </datafield>
   <datafield ind1=" " ind2="0" tag="650">
      <subfield code="a">Fatwas.</subfield>
      <subfield code="0">http://id.loc.gov/authorities/subjects/sh85047475</subfield>
   </datafield>
   <datafield ind1=" " ind2="0" tag="650">
      <subfield code="a">Islamic law.</subfield>
      <subfield code="0">http://id.loc.gov/authorities/subjects/sh85068454</subfield>
   </datafield>
   <datafield ind1="1" ind2="0" tag="600">
      <subfield code="6">880-06</subfield>
      <subfield code="a">ʻImādī, Ḥamīd ibn ʻAlī ibn Ibrāhīm,</subfield>
      <subfield code="d">1692-1758.</subfield>
      <subfield code="t">Fatāwá al-Ḥāmidīyah.</subfield>
   </datafield>
   <datafield ind1="0" ind2=" " tag="740">
      <subfield code="6">880-07</subfield>
      <subfield code="a">ʻUqūd al-durrīyah fī tanqīḥ al-fatāwī al-Ḥāmidīyah.</subfield>
   </datafield>
   <datafield ind1="1" ind2=" " tag="880">
      <subfield code="6">100-01/r</subfield>
      <subfield code="a">ابن عابدين، محمد بن عمر،</subfield>
      <subfield code="d">1783 or 1784-1836.</subfield>
   </datafield>
   <datafield ind1="1" ind2="0" tag="880">
      <subfield code="6">240-02/r</subfield>
      <subfield code="a">عقود الدرية في تنقيح الفتاوي الحامدية</subfield>
   </datafield>
   <datafield ind1="1" ind2="2" tag="880">
      <subfield code="6">245-03/r</subfield>
      <subfield code="a">الجزء الاول[الثاني] من العقود الدرية في تنقيح الفتاوى الحامدية /</subfield>
      <subfield code="c">ت'ليف محمد امين الشهير بابن عابدين.</subfield>
   </datafield>
   <datafield ind1=" " ind2=" " tag="880">
      <subfield code="6">250-04/r</subfield>
      <subfield code="a">الطبعة 2.</subfield>
   </datafield>
   <datafield ind1=" " ind2=" " tag="880">
      <subfield code="6">260-05/r</subfield>
      <subfield code="a">بولاق، مصر :</subfield>
      <subfield code="b">المطبعة العامرة الميرية،</subfield>
      <subfield code="c">1300 [ا.. 1882 or 1883]</subfield>
   </datafield>
   <datafield ind1="1" ind2="0" tag="880">
      <subfield code="6">600-06/r</subfield>
      <subfield code="a">عمادي، حميد بن علي بن ابراهيم،</subfield>
      <subfield code="d">1692-1758.</subfield>
      <subfield code="t">فتاوى الحامدية.</subfield>
   </datafield>
   <datafield ind1="0" ind2=" " tag="880">
      <subfield code="6">740-07/r</subfield>
      <subfield code="a">عقود الدرية في تنقيح الفتاوي الحامدية.</subfield>
   </datafield>
   <datafield ind1=" " ind2=" " tag="998">
      <subfield code="a">09/21/93</subfield>
      <subfield code="s">9114</subfield>
      <subfield code="n">NjP</subfield>
      <subfield code="w">MIUG82B54399</subfield>
      <subfield code="d">09/21/93</subfield>
      <subfield code="c">JAB</subfield>
      <subfield code="b">JAB</subfield>
      <subfield code="i">930921</subfield>
      <subfield code="l">NJPG</subfield>
   </datafield>
   <datafield ind1=" " ind2=" " tag="911">
      <subfield code="a">19930930</subfield>
   </datafield>
   <datafield ind1=" " ind2=" " tag="912">
      <subfield code="a">19930921000000.0</subfield>
   </datafield>
   <datafield ind1=" " ind2=" " tag="994">
      <subfield code="a">C0</subfield>
      <subfield code="b">PUL</subfield>
   </datafield>
   <datafield ind1=" " ind2=" " tag="999">
      <subfield code="a">836399</subfield>
   </datafield>
   <datafield ind1=" " ind2=" " tag="979">
      <subfield code="a">(OCoLC)ocn176281095</subfield>
   </datafield>
   <datafield ind1="8" ind2="0" tag="852">
      <subfield code="0">952355</subfield>
      <subfield code="b">rcppa</subfield>
      <subfield code="t">1</subfield>
      <subfield code="h">2271.4069.349 1882</subfield>
      <subfield code="x">tr fr anxa</subfield>
   </datafield>
   <datafield ind1=" " ind2=" " tag="959">
      <subfield code="a">2000-06-13 00:00:00 -0500</subfield>
   </datafield>
</record>
